@misc{Rube-Goldberg ,
  title={Rube Goldberg Machine},
  url={https://www.rubegoldberg.com/},
}

@misc{Hydro-pump ,
  title={Hydro-electric Water Turbine},
  url={http://water.usgs.gov/edu/hyhowworks.html},
}

@misc{Wiki ,
  title={Wikipedia},
  url={https://en.wikipedia.org/wiki/Rube\_Goldberg\_machine},
}

@misc{bibliography ,
  title={BiBLaTeX},
  url={https://www.sharelatex.com/learn/Bibliography\_management\_with\_bibtex},
}

@misc{Extinguisher ,
  title={Fire Extinguisher},
  url={http://www.machineryspaces.com/Foam-type-portable-fire-extinguisher.png},
}

@misc{Dam ,
  title={Dam},
  url={http://water.usgs.gov/edu/animations/hydrodam.gif},
}
 
@misc{CS251 ,
    title={Outlab3 - cs251\_box2d_base as the base code for the project},
    url={http://www.cse.iitb.ac.in/\~sharat/current/cs251/Assign/Lab03/},
}

@misc{CS251(2) ,
    title={Outlab9 - cs251\_box2d_base with doxyfile and modified makefile taken from here},
    url={http://www.cse.iitb.ac.in/\~sharat/current/cs251/Assign/Lab03/},
}

@misc{Box2D ,
    title={Box2D manual},
    url={http://box2d.org/manual.pdf},
}

@misc{Box2Dtut ,
    title={Box2D C++ Tutorials},
    url={http://www.iforce2d.net/b2dtut/},
}

@misc{Box2Dforum ,
    title={Box2D Forums},
    url={http://box2d.org/forum/viewtopic.php\?f=19\&t=9079},
}

@misc{Chain ,
    title={ChainShape (libgdx API)}, 
    url={https://libgdx.badlogicgames.com/nightlies/docs/api/com/badlogic/gdx/physics/box2d/ChainShape.html},
}

@misc{gravity ,
    title={Custom gravity},
    url={http://www.iforce2d.net/b2dtut/custom-gravity},
}

@misc{gprof ,
    title={GPROF Tutorial},
    url={http://www.thegeekstuff.com/2012/08/gprof-tutorial/},
}

@misc{Doxygen ,
    title={Doxygen Manual},
    url={http://www.stack.nl/\~dimitri/doxygen/manual/index.html},
}

@misc{Latex ,
    title={LaTeX Documentation},
    url={http://texdoc.net/texmf-dist/doc/latex/latex2e-help-texinfo/latex2e.pdf},
}

@misc{Bibtex ,
    title={BibTeX Example},
    url={https://verbosus.com/bibtex-style-examples.html},
}

@misc{Makefile ,
    title={MakeFile Tutorial},
    url={http://www.tutorialspoint.com/makefile/},
}

%13.) Still to add reference links used for Ritwick's Webpage
